% This file was created with JabRef 2.3.1.
% Encoding: Cp1252

@ARTICLE{Adams1981,
  author = {Adams, J. F.},
  title = {Room for Anon},
  journal = {Nature},
  year = {1981},
  volume = {294},
  pages = {204},
  month = {November},
  note = {Correspondence},
  doi = {10.1038/294204d0},
  owner = {Hugo},
  timestamp = {2008.11.03}
}

@ARTICLE{Collberg2005,
  author = {Collberg, Christian and Kobourov, Stephen},
  title = {Self-plagiarism in Computer Science},
  journal = {Communications of the ACM},
  year = {2005},
  volume = {48},
  pages = {88-94},
  number = {4},
  month = {April},
  doi = {10.1145/1053291.1053293},
  owner = {Hugo},
  timestamp = {2008.11.03},
  url = {http://delivery.acm.org/10.1145/1060000/1053293/p88-collberg.pdf?key1=1053293&key2=6511275221&coll=GUIDE&dl=GUIDE&CFID=9257576&CFTOKEN=36864127}
}

@ARTICLE{Denning2007,
  author = {Denning, Peter J.},
  title = {Computing is a Natural Science},
  journal = {Communications of the ACM},
  year = {2007},
  volume = {50},
  pages = {13-18},
  number = {7},
  month = {July},
  doi = {10.1145/1272516.1272529},
  owner = {Hugo},
  timestamp = {2008.11.03},
  url = {http://delivery.acm.org/10.1145/1280000/1272529/p13-denning.pdf?key1=1272529&key2=3550275221&coll=GUIDE&dl=GUIDE&CFID=9256196&CFTOKEN=87294485}
}

@ARTICLE{Denning2005,
  author = {Denning, Peter J.},
  title = {Is Computer Science Science?},
  journal = {Communications of the ACM},
  year = {2005},
  volume = {48},
  pages = {27-31},
  number = {4},
  month = {April},
  doi = {10.1145/1053291.1053309},
  owner = {Hugo},
  timestamp = {2008.11.03},
  url = {http://delivery.acm.org/10.1145/1060000/1053309/p27-denning.pdf?key1=1053309&key2=9170275221&coll=GUIDE&dl=GUIDE&CFID=9256637&CFTOKEN=52570043}
}

@ARTICLE{Nature1981,
  author = {Editorial},
  title = {{I}sadore {N}abi, {RIP}},
  journal = {Nature},
  year = {1981},
  volume = {293},
  pages = {2},
  month = {September},
  note = {Opinion},
  doi = {10.1038/293002b0},
  owner = {Hugo},
  timestamp = {2008.11.03}
}

@ARTICLE{Katchburian2008,
  author = {Katchburian, Eduardo},
  title = {Publish or Perish: A Provocation},
  journal = {Sao Paulo Medical Journal},
  year = {2008},
  volume = {126},
  pages = {202-203},
  number = {3},
  month = {May},
  doi = {10.1590/S1516-31802008000300013},
  owner = {Hugo},
  timestamp = {2008.11.03},
  url = {http://www.scielo.br/pdf/spmj/v126n3/v126n3a13.pdf}
}

@ARTICLE{Lester1981,
  author = {Lester, Richard},
  title = {Naming Names},
  journal = {Nature},
  year = {1981},
  volume = {293},
  pages = {696},
  month = {October},
  note = {Correspondence},
  doi = {10.1038/293696e0},
  owner = {Hugo},
  timestamp = {2008.11.03}
}

@ARTICLE{Lewontin1981,
  author = {Lewontin, Richard C.},
  title = {Credit Due to {N}abi},
  journal = {Nature},
  year = {1981},
  volume = {291},
  pages = {608},
  month = {April},
  note = {Correspondence},
  doi = {10.1038/291608f0},
  owner = {Hugo},
  timestamp = {2008.11.03}
}

@ARTICLE{Nabi1981a,
  author = {Nabi, Isadore},
  title = {Ethics of Genes},
  journal = {Nature},
  year = {1981},
  volume = {290},
  pages = {183},
  month = {March},
  note = {Correspondence},
  doi = {10.1038/290183b0},
  owner = {Hugo},
  timestamp = {2008.11.03}
}

@ARTICLE{Nabi1981b,
  author = {Nabi, Isidore},
  title = {It Wasn't Me},
  journal = {Nature},
  year = {1981},
  volume = {291},
  pages = {374},
  month = {June},
  note = {Correspondence},
  doi = {10.1038/291374b0},
  owner = {Hugo},
  timestamp = {2008.11.03}
}

@ARTICLE{Patterson2009,
  author = {Patterson, David A.},
  title = {Your Students are Your Legacy},
  journal = {Communications of the ACM},
  year = {2009},
  volume = {52},
  pages = {30-33},
  number = {3},
  month = {March},
  doi = {10.1145/1467247.1467259},
  owner = {Hugo},
  timestamp = {2009.05.02},
  url = {http://delivery.acm.org/10.1145/1470000/1467259/p30-patterson.pdf?key1=1467259&key2=3820921421&coll=GUIDE&dl=GUIDE&CFID=32981834&CFTOKEN=53089432}
}

@ARTICLE{Rossner2007,
  author = {Rossner, Mike and Van Epps, Heather and Hill, Emma},
  title = {Show Me The Data},
  journal = {The Journal of Cell Biology},
  year = {2007},
  volume = {179},
  pages = {1091–1092},
  number = {6},
  month = {December},
  doi = {10.1083/jcb.200711140},
  owner = {Hugo},
  timestamp = {2008.11.03},
  url = {http://jcb.rupress.org/cgi/content/full/179/6/1091}
}

@ARTICLE{Smith1990,
  author = {Smith, Alan Jay},
  title = {The Task of The Referee},
  journal = {IEEE Computer},
  year = {1990},
  volume = {23},
  pages = {65-71},
  number = {4},
  month = {April},
  doi = {10.1109/2.55470},
  owner = {Hugo},
  timestamp = {2009.05.02},
  url = {http://www.computer.org/portal/cms_docs_transactions/transactions/tpami/freecontent/taskoftheferee.pdf}
}

@ARTICLE{VanValen1981,
  author = {Van Valen, Leigh M.},
  title = {{N}abi - A life},
  journal = {Nature},
  year = {1981},
  volume = {293},
  pages = {422},
  month = {October},
  note = {Correspondence},
  doi = {10.1038/293422b0},
  owner = {Hugo},
  timestamp = {2008.11.03}
}

@ARTICLE{Wilson1981,
  author = {Wilson, Edward O.},
  title = {Who is {N}abi?},
  journal = {Nature},
  year = {1981},
  volume = {290},
  pages = {623},
  month = {April},
  note = {Correspondence},
  doi = {10.1038/290623b0},
  owner = {Hugo},
  timestamp = {2008.11.03}
}

@comment{jabref-meta: selector_publisher:}

@comment{jabref-meta: selector_author:}

@comment{jabref-meta: selector_journal:}

@comment{jabref-meta: selector_keywords:}

