@book{Russell:2003,
 author = {Russell, Stuart J. and Norvig, Peter},
 title = {Artificial Intelligence: A Modern Approach},
 year = {2003},
 isbn = {0137903952},
 edition = {2},
 publisher = {Pearson Education},
}

@book{Pedrycz:2007,
 author = {Pedrycz, Witold and Gomide, Fernando},
 title = {Fuzzy Systems Engineering: Toward Human-Centric Computing},
 year = {2007},
 isbn = {0471788570, 9780471788577},
 publisher = {Wiley-IEEE Press},
}


@book{Braga:2007,
    author = {Braga, Ant\^{o}nio and Carvalho, Andr\'{e} C. and Ludermir, Teresa B.},
    isbn = {9788521615644},
    publisher = {LTC Editora},
    title = {{Redes Neurais Artificiais: Teoria e aplica\c{c}\~{o}es}},
    url = {http://www.worldcat.org/isbn/9788521615644},
    volume = {2},
    year = {2007}
}

@book{haykin2001redes,
  title={Redes Neurais - 2ed.},
  author={Haykin, S.S.},
  isbn={9788573077186},
  year={2001},
  publisher={BOOKMAN COMPANHIA ED}
}
